@MISC{noauthor_undated-qh,
  title        = "Geopy",
  booktitle    = "{PyPI}",
  howpublished = "\url{https://pypi.org/project/geopy/}",
  note         = "Accessed: 2024-2-26",
  language     = "en"
}

@MISC{noauthor_undated-fo,
  title        = "{NetworkX} get degree of node with weights applied",
  booktitle    = "Stack Overflow",
  howpublished = "\url{https://stackoverflow.com/questions/27878034/networkx-get-degree-of-node-with-weights-applied}",
  note         = "Accessed: 2024-2-26",
  language     = "en"
}

@MISC{noauthor_undated-vk,
  title        = "Software for Complex Networks --- {NetworkX} 3.2.1
                  documentation",
  booktitle    = "Networkx.org",
  howpublished = "\url{https://networkx.org/documentation/stable/index.html}",
  note         = "Accessed: 2024-2-26",
  language     = "en"
}

@MISC{noauthor_undated-qb,
  title        = "{SciPy} documentation --- {SciPy} v1.12.0 manual",
  booktitle    = "Scipy.org",
  howpublished = "\url{https://docs.scipy.org/doc/scipy/index.html}",
  note         = "Accessed: 2024-2-26",
  language     = "en"
}

@MISC{noauthor_undated-fy,
  title        = "{Countries.Csv}",
  booktitle    = "Google for Developers",
  howpublished = "\url{https://developers.google.com/public-data/docs/canonical/countries_csv}",
  note         = "Accessed: 2024-2-26",
  language     = "en"
}

@MISC{noauthor_undated-au,
  title        = "{NumPy} documentation --- {NumPy} v1.26 manual",
  booktitle    = "Numpy.org",
  howpublished = "\url{https://numpy.org/doc/stable/index.html}",
  note         = "Accessed: 2024-2-26",
  language     = "en"
}

@MISC{noauthor_undated-nq,
  title        = "{ChatGPT}",
  booktitle    = "Openai.com",
  howpublished = "\url{https://chat.openai.com/}",
  note         = "Accessed: 2024-2-26"
}

@MISC{noauthor_undated-hs,
  title        = "10 minutes to pandas --- pandas 2.2.1 documentation",
  booktitle    = "Pydata.org",
  howpublished = "\url{https://pandas.pydata.org/docs/user_guide/10min.html}",
  note         = "Accessed: 2024-2-26",
  language     = "en"
}
